Automatically generated by Mendeley Desktop 1.19.4
Any changes to this file will be lost if it is regenerated by Mendeley.

BibTeX export options can be customized via Options -> BibTeX in Mendeley Desktop

@book{Tobergte2013,
archivePrefix = {arXiv},
arxivId = {arXiv:1011.1669v3},
author = {Prentice, Christopher Hallinan},
booktitle = {J. Chem. Inf. Model.},
doi = {10.1017/CBO9781107415324.004},
eprint = {arXiv:1011.1669v3},
file = {:C$\backslash$:/Users/Gpiaia/AppData/Local/Mendeley Ltd./Mendeley Desktop/Downloaded/Molloy - 2010 - Embedded Linux Primer.pdf:pdf},
isbn = {9788578110796},
issn = {1098-6596},
keywords = {icle},
number = {9},
pages = {1689--1699},
pmid = {25246403},
title = {{Embedded Linux Primer}},
volume = {53},
year = {2013}
}
@inproceedings{Rolle2009,
author = {Rolle, J. L.Calvo and Garc{\'{i}}a, R. Ferreiro and Garcia, H. L{\'{o}}pez and Gonz{\'{a}}lez, I. Mach{\'{o}}n},
booktitle = {IECON Proc. (Industrial Electron. Conf.},
doi = {10.1109/IECON.2009.5415064},
file = {:C$\backslash$:/Users/Gpiaia/AppData/Local/Mendeley Ltd./Mendeley Desktop/Downloaded/Rolle et al. - 2009 - Developed an expert system of an empirical method to choose correct expressions for PID controllers tuning in open.pdf:pdf},
isbn = {9781424446490},
title = {{Developed an expert system of an empirical method to choose correct expressions for PID controllers tuning in open loop}},
year = {2009}
}
@article{Behera2017,
author = {Behera, Sasmita and Jyotiranjan, Matruprasad and Pati, B B},
file = {:C$\backslash$:/Users/Gpiaia/AppData/Local/Mendeley Ltd./Mendeley Desktop/Downloaded/Behera, Jyotiranjan, Pati - 2017 - Optimal Pole Placement for a Self Tuning PID Controller.pdf:pdf},
isbn = {9781509048748},
pages = {456--461},
title = {{Optimal Pole Placement for a Self Tuning PID Controller}},
year = {2017}
}
@article{Thomas,
author = {Thomas, Neenu and Poongodi, P},
file = {:C$\backslash$:/Users/Gpiaia/AppData/Local/Mendeley Ltd./Mendeley Desktop/Downloaded/Thomas, Poongodi - Unknown - Position Control of DC Motor Using Genetic Algorithm Based PID Controller.pdf:pdf},
title = {{Position Control of DC Motor Using Genetic Algorithm Based PID Controller}},
year = {2009}
}
@book{Ogata,
author = {Ogata, Katsuhiko and Hall, Prentice},
file = {:C$\backslash$:/Users/Gpiaia/AppData/Local/Mendeley Ltd./Mendeley Desktop/Downloaded/Ogata, Hall - 1997 - Library of Congress Cataloging-in-Publication Data on File.pdf:pdf},
isbn = {978-0-13-615673-4},
title = {{Modern Control Engineering}},
year = {2010}
}
@article{Chen2004,
author = {Chen, Junghui and Huang, Tien Chih},
doi = {10.1016/S0959-1524(03)00039-8},
file = {:C$\backslash$:/Users/Gpiaia/AppData/Local/Mendeley Ltd./Mendeley Desktop/Downloaded/Chen, Huang - 2004 - Applying neural networks to on-line updated PID controllers for nonlinear process control.pdf:pdf},
isbn = {0959-1524},
issn = {09591524},
journal = {J. Process Control},
title = {{Applying neural networks to on-line updated PID controllers for nonlinear process control}},
year = {2004}
}
@article{Liguo2008,
author = {Liguo, Qu and Yourui, Huang and Liuyi, Ling},
doi = {10.1109/ICNC.2008.448},
file = {:C$\backslash$:/Users/Gpiaia/AppData/Local/Mendeley Ltd./Mendeley Desktop/Downloaded/Liguo, Yourui, Liuyi - 2008 - Design and Implementation of Intelligent PID Controller Based on FPGA.pdf:pdf},
isbn = {978-3-540-87733-2},
journal = {Nat. Comput. 2008. ICNC '08. Fourth Int. Conf.},
number = {1},
pages = {511--515},
title = {{Design and Implementation of Intelligent PID Controller Based on FPGA}},
volume = {7},
year = {2008}
}
@article{Liu2011,
author = {Liu, Jingmeng and Li, Shangfeng and Wu, Xingming and Chen, Baicheng},
doi = {10.1109/ICIEA.2011.5975855},
file = {:C$\backslash$:/Users/Gpiaia/AppData/Local/Mendeley Ltd./Mendeley Desktop/Downloaded/Liu et al. - 2011 - Design of self-adaptive fuzzy-pid controller based on DSP and FPGA for rapid thermal processing.pdf:pdf},
isbn = {9781424487554},
journal = {Proc. 2011 6th IEEE Conf. Ind. Electron. Appl. ICIEA 2011},
pages = {1649--1653},
title = {{Design of self-adaptive fuzzy-pid controller based on DSP and FPGA for rapid thermal processing}},
year = {2011}
}
@book{Astrom1995,
author = {{\AA}str{\"{o}}m, Karl Johan and H{\"{a}}gglund, Tore},
booktitle = {Instrum. Soc. Am.},
doi = {1556175167},
file = {:C$\backslash$:/Users/Gpiaia/AppData/Local/Mendeley Ltd./Mendeley Desktop/Downloaded/Unknown - Unknown - {\AA}str{\"{o}}m, Karl J.{\_} H{\"{a}}gglund, Tore PID Controllers - Theory, Design, and Tuning.pdf:pdf},
isbn = {1556175167},
keywords = {Karl J.{\_} H{\"{a}}gglund,Tore PID Controllers -,{\AA}str{\"{o}}m},
pages = {343},
title = {{PID ontrollers: Theory, Design and Tuning}},
year = {1995}
}
@article{Li2010,
author = {Li, Yan and Liu, Shuaishi and Tang, Chonghe and Liu, Keping},
doi = {10.1109/CMCE.2010.5610196},
file = {:C$\backslash$:/Users/Gpiaia/AppData/Local/Mendeley Ltd./Mendeley Desktop/Downloaded/Li et al. - 2010 - Fuzzy auto-tuning PID temperature control system based on ARM9 processor.pdf:pdf},
isbn = {9781424479566},
issn = {2159-6026},
journal = {2010 Int. Conf. Comput. Mechatronics, Control Electron. Eng. C. 2010},
pages = {121--124},
title = {{Fuzzy auto-tuning PID temperature control system based on ARM9 processor}},
volume = {4},
year = {2010}
}
@book{Levine1996,
author = {Levine, William S.},
file = {:C$\backslash$:/Users/Gpiaia/AppData/Local/Mendeley Ltd./Mendeley Desktop/Downloaded/Levine - 1996 - The Control Handbook(3).pdf:pdf},
pages = {83},
publisher = {CRC-Press},
title = {{The Control Handbook}},
year = {1996}
}
@article{Li2013,
author = {Li, Junquan and Post, Mark and Wright, Thomas and Lee, Regina},
doi = {10.1155/2013/657182},
file = {:C$\backslash$:/Users/Gpiaia/AppData/Local/Mendeley Ltd./Mendeley Desktop/Downloaded/Li et al. - 2013 - Design of attitude control systems for CubeSat-class nanosatellite.pdf:pdf},
issn = {16875249},
journal = {J. Control Sci. Eng.},
title = {{Design of attitude control systems for CubeSat-class nanosatellite}},
year = {2013}
}
@article{Unal2013,
author = {{\"{U}}nal, Muhammet and Ak, Ay{\c{c}}a and Topuz, Vedat and Erdal, Hasan},
doi = {10.1007/978-3-642-32900-5},
file = {:C$\backslash$:/Users/Gpiaia/Google Drive/Eng. de Controle e Automacao/TCC/Referencias/Optimization of PID Controllers Using Ant Colony and Genetic Algorithms-Springer-Verlag Berlin Heid.pdf:pdf},
isbn = {978-3-642-32899-2},
title = {{Optimization of PID Controllers Using Ant Colony and Genetic Algorithms}},
url = {http://link.springer.com/10.1007/978-3-642-32900-5},
volume = {449},
year = {2013}
}
@book{Editor,
author = {Stevens, W. Richard and Rago, Stephen A.},
file = {:C$\backslash$:/Users/Gpiaia/AppData/Local/Mendeley Ltd./Mendeley Desktop/Downloaded/Stevens, Rago - 2013 - Advanced Programming in the UNIX{\textregistered} Environment.pdf:pdf},
isbn = {9780321637734},
title = {{Advanced Programming in the UNIX{\textregistered} Environment}},
year = {2013}
}
@article{Guo2010,
author = {Guo, Yaohua and Ma, Junshuang and Yao, Minglin},
doi = {10.1109/ISISE.2010.74},
file = {:C$\backslash$:/Users/Gpiaia/AppData/Local/Mendeley Ltd./Mendeley Desktop/Downloaded/Guo, Ma, Yao - 2010 - The Neural Network PID Controller for Cement Rotary Kiln Temperature Based on FPGA.pdf:pdf},
isbn = {978-1-61284-428-2},
journal = {2010 Third Int. Symp. Inf. Sci. Eng.},
pages = {345--348},
title = {{The Neural Network PID Controller for Cement Rotary Kiln Temperature Based on FPGA}},
year = {2010}
}
@phdthesis{Snider,
author = {Snider, Ryan E},
file = {:C$\backslash$:/Users/Gpiaia/AppData/Local/Mendeley Ltd./Mendeley Desktop/Downloaded/Snider - Unknown - Attitude Control of a Satellite Simulator Using Reaction Wheels and a PID Controller.pdf:pdf},
title = {{Attitude Control of a Satellite Simulator Using Reaction Wheels and a PID Controller}},
year = {2010}
}
@book{Dorf,
author = {Dorf, Richard C. and Bishop, Robert H.},
booktitle = {System},
file = {:C$\backslash$:/Users/Gpiaia/Google Drive/Eng. de Controle e Automacao/TCC/Referencias/Richard C. Dorf, Robert H. Bishop Modern Control Systems 12th Edition.pdf:pdf},
isbn = {9780136024583},
title = {{Modern Control Systems}},
year = {2011}
}
@book{robust2019,
author = {{Riazoshams, H., Midi, H., {\&} Ghilagaber}, G.},
booktitle = {Mycol. Res.},
file = {:C$\backslash$:/Users/Gpiaia/Google Drive/Eng. de Controle e Automacao/TCC/Referencias/Robust-Nonlinear-Regression-with-Applications-Using-R.pdf:pdf},
isbn = {9781119010456},
number = {11},
pages = {1323--1330},
title = {{Robust Nonlinear Regression with Applications Using R}},
volume = {106},
year = {2019}
}
@article{Han2018,
author = {Han, Sangjin and Bhattacharyya, S P},
doi = {10.1109/LCSYS.2018.2842784},
file = {:C$\backslash$:/Users/Gpiaia/AppData/Local/Mendeley Ltd./Mendeley Desktop/Downloaded/Han, Bhattacharyya - 2018 - PID Controller Synthesis using a $\sigma$ -Hurwitz Stability Criterion.pdf:pdf},
number = {c},
title = {{PID Controller Synthesis using a $\sigma$ -Hurwitz Stability Criterion}},
volume = {1456},
year = {2018}
}
@article{Das2017,
author = {Das, Priyanandini and Edavoor, Pranose J and Raveendran, Sithara and Rahulkar, Amol D},
file = {:C$\backslash$:/Users/Gpiaia/AppData/Local/Mendeley Ltd./Mendeley Desktop/Downloaded/Das et al. - 2017 - Design and Implementation of Computationally Efficient Architecture of PID based Motion Controller for Robotic Land.pdf:pdf},
isbn = {9781538618660},
title = {{Design and Implementation of Computationally Efficient Architecture of PID based Motion Controller for Robotic Land Navigation System in FPGA}},
year = {2017}
}
@article{Verma2018,
author = {Verma, Bharat and Padhy, Prabin K.},
doi = {10.1049/iet-cta.2017.1078},
file = {:C$\backslash$:/Users/Gpiaia/AppData/Local/Mendeley Ltd./Mendeley Desktop/Downloaded/Verma, Padhy - 2018 - Optimal PID controller design with adjustable maximum sensitivity.pdf:pdf},
issn = {1751-8644},
journal = {IET Control Theory Appl.},
title = {{Optimal PID controller design with adjustable maximum sensitivity}},
url = {http://digital-library.theiet.org/content/journals/10.1049/iet-cta.2017.1078},
year = {2018}
}
@article{Gohiya2012,
author = {Gohiya, Chandra Shekhar},
doi = {10.1109/IAdCC.2013.6514193},
file = {:C$\backslash$:/Users/Gpiaia/AppData/Local/Mendeley Ltd./Mendeley Desktop/Downloaded/Gohiya - 2012 - Design and Development of Digital PID Controller for DC Motor Drive System Using Embedded Platform for Mobile Robot.pdf:pdf},
isbn = {9781467345293},
journal = {Adv. Comput. Conf. (IACC), 2013 IEEE 3rd Int.},
pages = {52--55},
title = {{Design and Development of Digital PID Controller for DC Motor Drive System Using Embedded Platform for Mobile Robot}},
year = {2012}
}
@article{Hu2001,
author = {Hu, Bao-Gang and Mann, George K I and Gosine, Raymond G},
file = {:C$\backslash$:/Users/Gpiaia/AppData/Local/Mendeley Ltd./Mendeley Desktop/Downloaded/Hu, Mann, Gosine - 2001 - A Systematic Study of Fuzzy PID Controllers—Function-Based Evaluation Approach.pdf:pdf},
journal = {IEEE Trans. FUZZY Syst.},
number = {5},
title = {{A Systematic Study of Fuzzy PID Controllers—Function-Based Evaluation Approach}},
volume = {9},
year = {2001}
}
@article{Araari2014,
author = {Araari, T and Jaziri, I and Charaabi, L and Jelassi, K},
doi = {10.1109/CISTEM.2014.7076921},
file = {:C$\backslash$:/Users/Gpiaia/AppData/Local/Mendeley Ltd./Mendeley Desktop/Downloaded/Araari et al. - 2014 - DC motor control based on embedded Linux.pdf:pdf},
isbn = {978-1-4799-7300-2},
journal = {2014 Int. Conf. Electr. Sci. Technol. Maghreb},
pages = {1--6},
title = {{DC motor control based on embedded Linux}},
year = {2014}
}
@book{Nise,
author = {Nise, Norman S.},
booktitle = {Orbit An Int. J. Orbital Disord. Facial Reconstr. Surg.},
file = {:C$\backslash$:/Users/Gpiaia/Google Drive/Eng. de Controle e Automacao/TCC/Referencias/Norman S. Nise Control Systems Engineering, 6th Edition V1.pdf:pdf},
isbn = {9781439035665},
title = {{Control Systems Engineering}},
year = {2011}
}
@book{BongWie2001,
archivePrefix = {arXiv},
arxivId = {arXiv:1011.1669v3},
author = {{Bong Wie}},
booktitle = {Automatica},
doi = {10.1016/S0005-1098(01)00163-7},
eprint = {arXiv:1011.1669v3},
file = {:C$\backslash$:/Users/Gpiaia/Google Drive/Eng. de Controle e Automacao/TCC/Referencias/Wie, Bong-Space Vehicle Dynamics and Control-American Institute of Aeronautics and Astronautics (2008).pdf:pdf},
isbn = {9781563479533},
issn = {00051098},
number = {12},
pages = {2077--2078},
pmid = {1669186},
title = {{Space vehicle dynamics and control}},
volume = {37},
year = {2001}
}
@book{Brown2002,
author = {Brown, Charles D.},
doi = {10.2514/4.861796},
file = {:C$\backslash$:/Users/Gpiaia/Google Drive/Eng. de Controle e Automacao/TCC/Referencias/C. Brown-Elements of Spacecraft Design (2002)(1st ed.)(en)(610s)-AIAA (2003).pdf:pdf},
isbn = {978-1-56347-524-5},
title = {{Elements of Spacecraft Design}},
year = {2002}
}
@phdthesis{Johnson,
author = {Johnson, Samuel C},
file = {:C$\backslash$:/Users/Gpiaia/AppData/Local/Mendeley Ltd./Mendeley Desktop/Downloaded/Johnson - Unknown - DESIGN OF A CONTROL MOMENT GYROSCOPE ATTITUDE ACTUATION SYSTEM FOR THE ATTITUDE CONTROL SUBSYSTEM PROVING GROUND.pdf:pdf},
title = {{Design of a Control Moment Gyroscope Attitude Actuation Sistem For the Attitude Control Subsystem Proving Ground}},
year = {2013}
}
@book{Molloy2016,
author = {Molloy, Derek},
doi = {10.1002/9781119211051.ch13},
file = {:C$\backslash$:/Users/Gpiaia/Google Drive/Eng. de Controle e Automacao/TCC/Referencias/Derek Molloy-Exploring Raspberry Pi{\_} Interfacing to the Real World with Embedded Linux-Wiley (2016).pdf:pdf},
isbn = {978-1-119-18868-1},
title = {{Exploring Raspberry Pi{\textregistered}}},
year = {2016}
}
@article{Amaral,
author = {Amaral, Jose F M and Tanscheit, Ricardo and Pacheco, Marco A C},
file = {:C$\backslash$:/Users/Gpiaia/AppData/Local/Mendeley Ltd./Mendeley Desktop/Downloaded/Amaral, Tanscheit, Pacheco - Unknown - Tuning PID Controllers through Genetic Algorithms.pdf:pdf},
title = {{Tuning PID Controllers through Genetic Algorithms}}
}
@article{Giap2014,
author = {Giap, Nguyen Hoang and Shin, Jin-ho and Kim, Won-ho},
file = {:C$\backslash$:/Users/Gpiaia/Google Drive/Eng. de Controle e Automacao/TCC/Referencias/A Study on AutoTuning Controller for Servo System.pdf:pdf},
keywords = {PID, Neural Network, Relay Feedback,neural network,pid,relay feedback},
number = {August},
pages = {102--110},
title = {{A Study on Autotuning Controller for Servo System}},
year = {2014}
}
@article{Li,
author = {Pongfai, Jirapun and Assawinchaichote, Wudhichai},
file = {:C$\backslash$:/Users/Gpiaia/AppData/Local/Mendeley Ltd./Mendeley Desktop/Downloaded/Unknown - Unknown - Optimal PID parametric auto-adjustment for BLDC motor Control systems based on artificial intelligence.pdf:pdf},
keywords = {Pongfai},
title = {{Optimal PID parametric auto-adjustment for BLDC motor Control systems based on artificial intelligence}}
}
